<?xml version="1.0" encoding="UTF-8"?>
<!--Beispielnachricht_camt.053_BankToCustomerStatement_via_SWIFT-->
<Document xmlns:n0="urn:iso:std:iso:20022:tech:xsd:camt.053.001.08">
	<BkToCstmrStmt>
		<GrpHdr>
			<MsgId>20240306S0097336</MsgId>
			<CreDtTm>2024-03-06T18:39:16.7247183+01:00</CreDtTm>
		</GrpHdr>
		<Stmt>
			<Id>20240306S0097336</Id>
			<StmtPgntn>
				<PgNb>00001</PgNb>
				<LastPgInd>true</LastPgInd>
			</StmtPgntn>
			<ElctrncSeqNb>3</ElctrncSeqNb>
			<Acct>
				<Id>
					<IBAN>DE00IBANdesDotationskontos</IBAN>
				</Id>
				<Ccy>EUR</Ccy>
			</Acct>
			<Bal>
				<Tp>
					<CdOrPrtry>
						<Cd>OPBD</Cd>
					</CdOrPrtry>
				</Tp>
				<Amt Ccy="EUR">0.00</Amt>
				<CdtDbtInd>CRDT</CdtDbtInd>
				<Dt>
					<Dt>2024-03-05</Dt>
				</Dt>
			</Bal>
			<Bal>
				<Tp>
					<CdOrPrtry>
						<Cd>CLBD</Cd>
					</CdOrPrtry>
				</Tp>
				<Amt Ccy="EUR">0.00</Amt>
				<CdtDbtInd>CRDT</CdtDbtInd>
				<Dt>
					<Dt>2024-03-06</Dt>
				</Dt>
			</Bal>
			<Ntry>
				<NtryRef>NONREF</NtryRef>
				<Amt Ccy="EUR">100000.00</Amt>
				<CdtDbtInd>CRDT</CdtDbtInd>
				<Sts>
					<Cd>BOOK</Cd>
				</Sts>
				<BookgDt>
					<Dt>2024-03-06</Dt>
				</BookgDt>
				<ValDt>
					<Dt>2024-03-06</Dt>
				</ValDt>
				<AcctSvcrRef>20240306/19000001</AcctSvcrRef>
				<BkTxCd>
					<Domn>
						<Cd>PMNT</Cd>
						<Fmly>
							<Cd>CNTR</Cd>
							<SubFmlyCd>CDPT</SubFmlyCd>
						</Fmly>
					</Domn>
				</BkTxCd>
				<NtryDtls>
					<TxDtls>
						<Refs>
							<AcctSvcrRef>3000000011240306</AcctSvcrRef>
							<InstrId>NONREF</InstrId>
						</Refs>
						<Amt Ccy="EUR">100000.00</Amt>
						<CdtDbtInd>CRDT</CdtDbtInd>
					</TxDtls>
				</NtryDtls>
			</Ntry>
			<Ntry>
				<NtryRef>NONREF</NtryRef>
				<Amt Ccy="EUR">25000.00</Amt>
				<CdtDbtInd>DBIT</CdtDbtInd>
				<Sts>
					<Cd>BOOK</Cd>
				</Sts>
				<BookgDt>
					<Dt>2024-03-06</Dt>
				</BookgDt>
				<ValDt>
					<Dt>2024-03-06</Dt>
				</ValDt>
				<AcctSvcrRef>20240306/19000002</AcctSvcrRef>
				<BkTxCd>
					<Domn>
						<Cd>PMNT</Cd>
						<Fmly>
							<Cd>CNTR</Cd>
							<SubFmlyCd>CWDL</SubFmlyCd>
						</Fmly>
					</Domn>
				</BkTxCd>
				<NtryDtls>
					<TxDtls>
						<Refs>
							<AcctSvcrRef>3000000011240307</AcctSvcrRef>
							<InstrId>NONREF</InstrId>
						</Refs>
						<Amt Ccy="EUR">25000.00</Amt>
						<CdtDbtInd>DBIT</CdtDbtInd>
					</TxDtls>
				</NtryDtls>
			</Ntry>
			<Ntry>
				<NtryRef>NONREF</NtryRef>
				<Amt Ccy="EUR">20000.00</Amt>
				<CdtDbtInd>DBIT</CdtDbtInd>
				<Sts>
					<Cd>BOOK</Cd>
				</Sts>
				<BookgDt>
					<Dt>2024-03-06</Dt>
				</BookgDt>
				<ValDt>
					<Dt>2024-03-06</Dt>
				</ValDt>
				<AcctSvcrRef>20240306/03000001</AcctSvcrRef>
				<BkTxCd>
					<Domn>
						<Cd>PMNT</Cd>
						<Fmly>
							<Cd>ICHQ</Cd>
							<SubFmlyCd>CCHQ</SubFmlyCd>
						</Fmly>
					</Domn>
				</BkTxCd>
				<NtryDtls>
					<TxDtls>
						<Refs>
							<AcctSvcrRef>NONREF</AcctSvcrRef>
							<InstrId>NONREF</InstrId>
						</Refs>
						<Amt Ccy="EUR">20000.00</Amt>
						<CdtDbtInd>DBIT</CdtDbtInd>
						<RltdPties>
							<Cdtr>
								<Pty>
									<Nm>Deutsche Bundesbank KBS NRW Duesseldorf</Nm>
								</Pty>
							</Cdtr>
							<CdtrAcct>
								<Id>
									<IBAN>DE27300000000030002633</IBAN>
								</Id>
							</CdtrAcct>
						</RltdPties>
						<RltdAgts>
							<CdtrAgt>
								<FinInstnId>
									<ClrSysMmbId>
										<ClrSysId>
											<Cd>DEBLZ</Cd>
										</ClrSysId>
										<MmbId>30000000</MmbId>
									</ClrSysMmbId>
								</FinInstnId>
							</CdtrAgt>
						</RltdAgts>
						<RmtInf>
							<Ustrd>Bestaetigter Scheck vom 06.03.2024 Scheck Nr. 137468</Ustrd>
						</RmtInf>
					</TxDtls>
				</NtryDtls>
			</Ntry>
			<Ntry>
				<NtryRef>NONREF</NtryRef>
				<Amt Ccy="EUR">15.00</Amt>
				<CdtDbtInd>DBIT</CdtDbtInd>
				<Sts>
					<Cd>BOOK</Cd>
				</Sts>
				<BookgDt>
					<Dt>2024-03-06</Dt>
				</BookgDt>
				<ValDt>
					<Dt>2024-03-06</Dt>
				</ValDt>
				<AcctSvcrRef>20240306/03000001</AcctSvcrRef>
				<BkTxCd>
					<Domn>
						<Cd>ACMT</Cd>
						<Fmly>
							<Cd>MDOP</Cd>
							<SubFmlyCd>CHRG</SubFmlyCd>
						</Fmly>
					</Domn>
				</BkTxCd>
				<NtryDtls>
					<TxDtls>
						<Refs>
							<AcctSvcrRef>NONREF</AcctSvcrRef>
							<InstrId>NONREF</InstrId>
						</Refs>
						<Amt Ccy="EUR">15.00</Amt>
						<CdtDbtInd>DBIT</CdtDbtInd>
					</TxDtls>
				</NtryDtls>
			</Ntry>
			<Ntry>
				<NtryRef>camt054-InstrId-00001</NtryRef>
				<Amt Ccy="EUR">145015.00</Amt>
				<CdtDbtInd>CRDT</CdtDbtInd>
				<Sts>
					<Cd>BOOK</Cd>
				</Sts>
				<BookgDt>
					<Dt>2024-03-06</Dt>
				</BookgDt>
				<ValDt>
					<Dt>2024-03-06</Dt>
				</ValDt>
				<AcctSvcrRef>20240306/19000003</AcctSvcrRef>
				<BkTxCd>
					<Domn>
						<Cd>PMNT</Cd>
						<Fmly>
							<Cd>RCDT</Cd>
							<SubFmlyCd>SDVA</SubFmlyCd>
						</Fmly>
					</Domn>
				</BkTxCd>
				<NtryDtls>
					<TxDtls>
						<Refs>
							<AcctSvcrRef>H202403065000000091</AcctSvcrRef>
							<InstrId>H202403065000000091</InstrId>
						</Refs>
						<Amt Ccy="EUR">145015.00</Amt>
						<CdtDbtInd>CRDT</CdtDbtInd>
						<RltdPties>
							<Dbtr>
								<Pty>
									<Nm>Bundesbank</Nm>
								</Pty>
							</Dbtr>
							<DbtrAcct>
								<Id>
									<IBAN>DE89504000000050402980</IBAN>
								</Id>
							</DbtrAcct>
						</RltdPties>
						<RltdAgts>
							<DbtrAgt>
								<FinInstnId>
									<BICFI>MARKDEFFXXX</BICFI>
								</FinInstnId>
							</DbtrAgt>
						</RltdAgts>
					</TxDtls>
				</NtryDtls>
			</Ntry>
			<Ntry>
				<NtryRef>pacs008-InstrId-00001</NtryRef>
				<Amt Ccy="EUR">50000.00</Amt>
				<CdtDbtInd>CRDT</CdtDbtInd>
				<Sts>
					<Cd>BOOK</Cd>
				</Sts>
				<BookgDt>
					<Dt>2024-03-06</Dt>
				</BookgDt>
				<ValDt>
					<Dt>2024-03-06</Dt>
				</ValDt>
				<AcctSvcrRef>20240306/19000004</AcctSvcrRef>
				<BkTxCd>
					<Domn>
						<Cd>PMNT</Cd>
						<Fmly>
							<Cd>RCDT</Cd>
							<SubFmlyCd>SDVA</SubFmlyCd>
						</Fmly>
					</Domn>
				</BkTxCd>
				<NtryDtls>
					<TxDtls>
						<Refs>
							<AcctSvcrRef>H202403065000000092</AcctSvcrRef>
							<InstrId>H202403065000000092</InstrId>
						</Refs>
						<Amt Ccy="EUR">50000.00</Amt>
						<CdtDbtInd>CRDT</CdtDbtInd>
						<AmtDtls>
							<InstdAmt>
								<Amt Ccy="EUR">50000.00</Amt>
							</InstdAmt>
						</AmtDtls>
						<RltdPties>
							<Dbtr>
								<Pty>
									<Nm>Testbank</Nm>
								</Pty>
							</Dbtr>
							<DbtrAcct>
								<Id>
									<Othr>
										<Id>0123456789</Id>
									</Othr>
								</Id>
							</DbtrAcct>
						</RltdPties>
						<RltdAgts>
							<DbtrAgt>
								<FinInstnId>
									<BICFI>TESTDEMMXXX</BICFI>
								</FinInstnId>
							</DbtrAgt>
						</RltdAgts>
						<RmtInf>
							<Ustrd>VWZ pacs008 RTGS nach DOTA</Ustrd>
						</RmtInf>
					</TxDtls>
				</NtryDtls>
			</Ntry>
			<Ntry>
				<NtryRef>pacs009-InstrId-00001</NtryRef>
				<Amt Ccy="EUR">80000.00</Amt>
				<CdtDbtInd>CRDT</CdtDbtInd>
				<Sts>
					<Cd>BOOK</Cd>
				</Sts>
				<BookgDt>
					<Dt>2024-03-06</Dt>
				</BookgDt>
				<ValDt>
					<Dt>2024-03-06</Dt>
				</ValDt>
				<AcctSvcrRef>20240306/19000005</AcctSvcrRef>
				<BkTxCd>
					<Domn>
						<Cd>PMNT</Cd>
						<Fmly>
							<Cd>RCDT</Cd>
							<SubFmlyCd>SDVA</SubFmlyCd>
						</Fmly>
					</Domn>
				</BkTxCd>
				<NtryDtls>
					<TxDtls>
						<Refs>
							<AcctSvcrRef>H202403065000000093</AcctSvcrRef>
							<InstrId>H202403065000000093</InstrId>
						</Refs>
						<Amt Ccy="EUR">80000.00</Amt>
						<CdtDbtInd>CRDT</CdtDbtInd>
						<RmtInf>
							<Ustrd>VWZ pacs009 RTGS nach DOTA</Ustrd>
						</RmtInf>
					</TxDtls>
				</NtryDtls>
			</Ntry>
			<Ntry>
				<NtryRef>H202403065000000094</NtryRef>
				<Amt Ccy="EUR">30000.00</Amt>
				<CdtDbtInd>DBIT</CdtDbtInd>
				<Sts>
					<Cd>BOOK</Cd>
				</Sts>
				<BookgDt>
					<Dt>2024-03-06</Dt>
				</BookgDt>
				<ValDt>
					<Dt>2024-03-06</Dt>
				</ValDt>
				<AcctSvcrRef>20240306/19000006</AcctSvcrRef>
				<BkTxCd>
					<Domn>
						<Cd>PMNT</Cd>
						<Fmly>
							<Cd>ICDT</Cd>
							<SubFmlyCd>SDVA</SubFmlyCd>
						</Fmly>
					</Domn>
				</BkTxCd>
				<NtryDtls>
					<TxDtls>
						<Refs>
							<AcctSvcrRef>pacs009-InstrId-00002</AcctSvcrRef>
							<InstrId>pacs009-InstrId-00002</InstrId>
						</Refs>
						<Amt Ccy="EUR">30000.00</Amt>
						<CdtDbtInd>DBIT</CdtDbtInd>
						<RmtInf>
							<Ustrd>VWZ pacs009 DOTA an MCA</Ustrd>
						</RmtInf>
					</TxDtls>
				</NtryDtls>
			</Ntry>
			<Ntry>
				<NtryRef>H202403065000000095</NtryRef>
				<Amt Ccy="EUR">120000.00</Amt>
				<CdtDbtInd>DBIT</CdtDbtInd>
				<Sts>
					<Cd>BOOK</Cd>
				</Sts>
				<BookgDt>
					<Dt>2024-03-06</Dt>
				</BookgDt>
				<ValDt>
					<Dt>2024-03-06</Dt>
				</ValDt>
				<AcctSvcrRef>20240306/19000007</AcctSvcrRef>
				<BkTxCd>
					<Domn>
						<Cd>PMNT</Cd>
						<Fmly>
							<Cd>ICDT</Cd>
							<SubFmlyCd>SDVA</SubFmlyCd>
						</Fmly>
					</Domn>
				</BkTxCd>
				<NtryDtls>
					<TxDtls>
						<Refs>
							<AcctSvcrRef>pacs009-InstrId-00003</AcctSvcrRef>
							<InstrId>pacs009-InstrId-00003</InstrId>
						</Refs>
						<Amt Ccy="EUR">120000.00</Amt>
						<CdtDbtInd>DBIT</CdtDbtInd>
						<RmtInf>
							<Ustrd>VWZ pacs009 DOTA an RTGS</Ustrd>
						</RmtInf>
					</TxDtls>
				</NtryDtls>
			</Ntry>
			<Ntry>
				<NtryRef>NONREF</NtryRef>
				<Amt Ccy="EUR">100000.00</Amt>
				<CdtDbtInd>CRDT</CdtDbtInd>
				<Sts>
					<Cd>BOOK</Cd>
				</Sts>
				<BookgDt>
					<Dt>2024-03-06</Dt>
				</BookgDt>
				<ValDt>
					<Dt>2024-03-06</Dt>
				</ValDt>
				<AcctSvcrRef>20240306/03000002</AcctSvcrRef>
				<BkTxCd/>
				<NtryDtls>
					<TxDtls>
						<Refs>
							<AcctSvcrRef>NONREF</AcctSvcrRef>
							<InstrId>NONREF</InstrId>
						</Refs>
						<Amt Ccy="EUR">100000.00</Amt>
						<CdtDbtInd>CRDT</CdtDbtInd>
						<RltdPties>
							<Dbtr>
								<Pty>
									<Nm>Deutsche Bundesbank / 40002 Duesseldorf</Nm>
								</Pty>
							</Dbtr>
							<DbtrAcct>
								<Id>
									<IBAN>DE27300000000030002633</IBAN>
								</Id>
							</DbtrAcct>
						</RltdPties>
						<RltdAgts>
							<DbtrAgt>
								<FinInstnId>
									<ClrSysMmbId>
										<ClrSysId>
											<Cd>DEBLZ</Cd>
										</ClrSysId>
										<MmbId>30000000</MmbId>
									</ClrSysMmbId>
								</FinInstnId>
							</DbtrAgt>
						</RltdAgts>
						<RmtInf>
							<Ustrd>Rueckgabe Best. Scheck vom 21.02.2024 Scheck Nr. 137467</Ustrd>
						</RmtInf>
					</TxDtls>
				</NtryDtls>
			</Ntry>
			<Ntry>
				<NtryRef>H202403065000000096</NtryRef>
				<Amt Ccy="EUR">280000.00</Amt>
				<CdtDbtInd>DBIT</CdtDbtInd>
				<Sts>
					<Cd>BOOK</Cd>
				</Sts>
				<BookgDt>
					<Dt>2024-03-06</Dt>
				</BookgDt>
				<ValDt>
					<Dt>2024-03-06</Dt>
				</ValDt>
				<AcctSvcrRef>20240306/19000008</AcctSvcrRef>
				<BkTxCd>
					<Domn>
						<Cd>PMNT</Cd>
						<Fmly>
							<Cd>ICDT</Cd>
							<SubFmlyCd>SDVA</SubFmlyCd>
						</Fmly>
					</Domn>
				</BkTxCd>
				<NtryDtls>
					<TxDtls>
						<Refs>
							<AcctSvcrRef>pacs008-InstrId-00004</AcctSvcrRef>
							<InstrId>pacs008-InstrId-00004</InstrId>
						</Refs>
						<Amt Ccy="EUR">280000.00</Amt>
						<CdtDbtInd>DBIT</CdtDbtInd>
						<RltdPties>
							<Cdtr>
								<Pty>
									<Nm>Testbank</Nm>
								</Pty>
							</Cdtr>
							<CdtrAcct>
								<Id>
									<IBAN>DE00IBANbeiTestbank</IBAN>
								</Id>
							</CdtrAcct>
						</RltdPties>
						<RltdAgts>
							<CdtrAgt>
								<FinInstnId>
									<BICFI>TESTDEDDXXX</BICFI>
								</FinInstnId>
							</CdtrAgt>
						</RltdAgts>
						<RmtInf>
							<Ustrd>VWZ pacs008 DOTA an RTGS</Ustrd>
						</RmtInf>
					</TxDtls>
				</NtryDtls>
			</Ntry>
		</Stmt>
	</BkToCstmrStmt>
</Document>
