<?xml version="1.0" encoding="UTF-8"?>
<Document xmlns="urn:iso:std:iso:20022:tech:xsd:camt.053.001.02" xmlns:xsi="http://www.w3.org/2001/XMLSchema-instance" xsi:schemaLocation="urn:iso:std:iso:20022:tech:xsd:camt.053.001.02 camt.053.001.02.xsd">

<BkToCstmrStmt>
  <GrpHdr>
    <MsgId>053D2014-01-03T22:01:42.0N140000001</MsgId>
    <CreDtTm>2014-01-03T22:01:36.0+01:00</CreDtTm>
    <MsgPgntn>
      <PgNb>1</PgNb>
      <LastPgInd>true</LastPgInd>
    </MsgPgntn>
  </GrpHdr>
  <Stmt>
    <Id>0352C5320140103220142</Id>
    <ElctrncSeqNb>140000001</ElctrncSeqNb>
    <CreDtTm>2014-01-03T22:01:36.0+01:00</CreDtTm>
    <Acct>
      <Id>
        <IBAN>DE58740618130100033626</IBAN>
      </Id>
      <Ccy>EUR</Ccy>
      <Ownr>
        <Nm>Testkonto Nummer 2</Nm>
      </Ownr>
      <Svcr>
        <FinInstnId>
          <BIC>GENODEF1PFK</BIC>
          <Nm>VR-Bank Rottal-Inn eG</Nm>
          <Othr>
            <Id>DE 129267947</Id>
            <Issr>UmsStId</Issr>
          </Othr>
        </FinInstnId>
      </Svcr>
    </Acct>
    <Bal>
      <Tp>
        <CdOrPrtry>
          <Cd>PRCD</Cd>
        </CdOrPrtry>
      </Tp>
      <Amt Ccy="EUR">17.40</Amt>
      <CdtDbtInd>CRDT</CdtDbtInd>
      <Dt>
        <Dt>2014-01-03</Dt>
      </Dt>
    </Bal>
    <Bal>
      <Tp>
        <CdOrPrtry>
          <Cd>CLBD</Cd>
        </CdOrPrtry>
      </Tp>
      <Amt Ccy="EUR">13.95</Amt>
      <CdtDbtInd>CRDT</CdtDbtInd>
      <Dt>
        <Dt>2014-01-03</Dt>
      </Dt>
    </Bal>
    <Ntry>
      <Amt Ccy="EUR">2.25</Amt>
      <CdtDbtInd>DBIT</CdtDbtInd>
      <Sts>BOOK</Sts>
      <BookgDt>
        <Dt>2014-01-03</Dt>
      </BookgDt>
      <ValDt>
        <Dt>2014-01-03</Dt>
      </ValDt>
      <AcctSvcrRef>2014010303190660000</AcctSvcrRef>
      <BkTxCd/>
      <NtryDtls>
        <TxDtls>
          <Refs>
            <EndToEndId>STZV-EtE27122013-11:05-1</EndToEndId>
            <MndtId>Mandat20131227</MndtId>
          </Refs>
          <BkTxCd>
            <Prtry>
              <Cd>NDDT+005</Cd>
              <Issr>ZKA</Issr>
            </Prtry>
          </BkTxCd>
          <RltdPties>
            <Dbtr>
              <Nm>Testkonto Nummer 2</Nm>
            </Dbtr>
            <DbtrAcct>
              <Id>
                <IBAN>DE58740618130100033626</IBAN>
              </Id>
            </DbtrAcct>
            <UltmtDbtr>
              <Nm>Testkonto</Nm>
            </UltmtDbtr>
            <Cdtr>
              <Nm>Testkonto Nummer 1</Nm>
            </Cdtr>
            <CdtrAcct>
              <Id>
                <IBAN>DE14740618130000033626</IBAN>
              </Id>
            </CdtrAcct>
            <UltmtCdtr>
              <Nm>keine Information vorhanden</Nm>
            </UltmtCdtr>
          </RltdPties>
          <RltdAgts>
            <CdtrAgt>
              <FinInstnId>
                <BIC>GENODEF1PFK</BIC>
              </FinInstnId>
            </CdtrAgt>
          </RltdAgts>
          <RmtInf>
            <Ustrd>Lastschrift 2. Zahlung EREF: STZV-EtE27122013-11:05-1 MREF: Mandat20131227 CRED: DE79ZZZ00000000584 IBAN: DE14740618130000033626 BIC: GENODE</Ustrd>
            <Ustrd>F1PFK ABWE: Testkonto</Ustrd>
          </RmtInf>
        </TxDtls>
      </NtryDtls>
    </Ntry>
    <Ntry>
      <Amt Ccy="EUR">1.20</Amt>
      <CdtDbtInd>DBIT</CdtDbtInd>
      <Sts>BOOK</Sts>
      <BookgDt>
        <Dt>2014-01-03</Dt>
      </BookgDt>
      <ValDt>
        <Dt>2014-01-03</Dt>
      </ValDt>
      <AcctSvcrRef>2014010303190670000</AcctSvcrRef>
      <BkTxCd/>
      <NtryDtls>
        <TxDtls>
          <Refs>
            <EndToEndId>STZV-EtE27122013-11:05-2</EndToEndId>
            <MndtId>Mandat20131227</MndtId>
          </Refs>
          <BkTxCd>
            <Prtry>
              <Cd>NDDT+005</Cd>
              <Issr>ZKA</Issr>
            </Prtry>
          </BkTxCd>
          <RltdPties>
            <Dbtr>
              <Nm>Testkonto Nummer 2</Nm>
            </Dbtr>
            <DbtrAcct>
              <Id>
                <IBAN>DE58740618130100033626</IBAN>
              </Id>
            </DbtrAcct>
            <UltmtDbtr>
              <Nm>Testkonto</Nm>
            </UltmtDbtr>
            <Cdtr>
              <Nm>Testkonto Nummer 1</Nm>
            </Cdtr>
            <CdtrAcct>
              <Id>
                <IBAN>DE14740618130000033626</IBAN>
              </Id>
            </CdtrAcct>
            <UltmtCdtr>
              <Nm>keine Information vorhanden</Nm>
            </UltmtCdtr>
          </RltdPties>
          <RltdAgts>
            <CdtrAgt>
              <FinInstnId>
                <BIC>GENODEF1PFK</BIC>
              </FinInstnId>
            </CdtrAgt>
          </RltdAgts>
          <RmtInf>
            <Ustrd>Lastschrift 1. Zahlung EREF: STZV-EtE27122013-11:05-2 MREF: Mandat20131227 CRED: DE79ZZZ00000000584 IBAN: DE14740618130000033626 BIC: GENODE</Ustrd>
            <Ustrd>F1PFK ABWE: Testkonto</Ustrd>
          </RmtInf>
        </TxDtls>
      </NtryDtls>
    </Ntry>
  </Stmt>
</BkToCstmrStmt>
</Document>
