<?xml version="1.0" encoding="UTF-8"?>
<Document xmlns="urn:iso:std:iso:20022:tech:xsd:camt.053.001.02" xmlns:xsi="http://www.w3.org/2001/XMLSchema-instance" xsi:schemaLocation="urn:iso:std:iso:20022:tech:xsd:camt.053.001.02 camt.053.001.02.xsd">

<BkToCstmrStmt>
  <GrpHdr>
    <MsgId>053D2014-01-03T22:01:42.0N140000001</MsgId>
    <CreDtTm>2014-01-03T22:01:36.0+01:00</CreDtTm>
    <MsgPgntn>
      <PgNb>1</PgNb>
      <LastPgInd>true</LastPgInd>
    </MsgPgntn>
  </GrpHdr>
  <Stmt>
    <Id>0352C5320140103220142</Id>
    <ElctrncSeqNb>140000001</ElctrncSeqNb>
    <CreDtTm>2014-01-03T22:01:36.0+01:00</CreDtTm>
    <Acct>
      <Id>
        <IBAN>DE14740618130000033626</IBAN>
      </Id>
      <Ccy>EUR</Ccy>
      <Ownr>
        <Nm>Testkonto Nummer 1</Nm>
      </Ownr>
      <Svcr>
        <FinInstnId>
          <BIC>GENODEF1PFK</BIC>
          <Nm>VR-Bank Rottal-Inn eG</Nm>
          <Othr>
            <Id>DE 129267947</Id>
            <Issr>UmsStId</Issr>
          </Othr>
        </FinInstnId>
      </Svcr>
    </Acct>
    <Bal>
      <Tp>
        <CdOrPrtry>
          <Cd>PRCD</Cd>
        </CdOrPrtry>
      </Tp>
      <Amt Ccy="EUR">24.16</Amt>
      <CdtDbtInd>CRDT</CdtDbtInd>
      <Dt>
        <Dt>2014-01-03</Dt>
      </Dt>
    </Bal>
    <Bal>
      <Tp>
        <CdOrPrtry>
          <Cd>CLBD</Cd>
        </CdOrPrtry>
      </Tp>
      <Amt Ccy="EUR">27.61</Amt>
      <CdtDbtInd>CRDT</CdtDbtInd>
      <Dt>
        <Dt>2014-01-03</Dt>
      </Dt>
    </Bal>
    <Ntry>
      <Amt Ccy="EUR">3.45</Amt>
      <CdtDbtInd>CRDT</CdtDbtInd>
      <Sts>BOOK</Sts>
      <BookgDt>
        <Dt>2014-01-03</Dt>
      </BookgDt>
      <ValDt>
        <Dt>2014-01-03</Dt>
      </ValDt>
      <AcctSvcrRef>2014010303263400000</AcctSvcrRef>
      <BkTxCd/>
      <NtryDtls>
        <Btch>
          <PmtInfId>STZV-PmInf27122013-11:05-2</PmtInfId>
          <NbOfTxs>2</NbOfTxs>
        </Btch>
        <TxDtls>
          <Refs>
            <MsgId>STZV-Msg27122013-11:05</MsgId>
            <EndToEndId>STZV-EtE27122013-11:05-1</EndToEndId>
            <MndtId>Mandat20131227</MndtId>
          </Refs>
          <AmtDtls>
            <TxAmt>
              <Amt Ccy="EUR">2.25</Amt>
            </TxAmt>
          </AmtDtls>
          <BkTxCd>
            <Prtry>
              <Cd>NDDT+071</Cd>
              <Issr>ZKA</Issr>
            </Prtry>
          </BkTxCd>
          <RltdPties>
            <Dbtr>
              <Nm>Testkonto Nummer 2</Nm>
            </Dbtr>
            <DbtrAcct>
              <Id>
                <IBAN>DE58740618130100033626</IBAN>
              </Id>
            </DbtrAcct>
            <UltmtDbtr>
              <Nm>Testkonto</Nm>
            </UltmtDbtr>
            <Cdtr>
              <Nm>Testkonto Nummer 1</Nm>
            </Cdtr>
            <CdtrAcct>
              <Id>
                <IBAN>DE14740618130000033626</IBAN>
              </Id>
            </CdtrAcct>
            <UltmtCdtr>
              <Nm>keine Information vorhanden</Nm>
            </UltmtCdtr>
          </RltdPties>
          <RmtInf>
            <Ustrd>Lastschrift 2. Zahlung   TAN:747216   </Ustrd>
          </RmtInf>
        </TxDtls>
        <TxDtls>
          <Refs>
            <MsgId>STZV-Msg27122013-11:05</MsgId>
            <EndToEndId>STZV-EtE27122013-11:05-2</EndToEndId>
            <MndtId>Mandat20131227</MndtId>
          </Refs>
          <AmtDtls>
            <TxAmt>
              <Amt Ccy="EUR">1.20</Amt>
            </TxAmt>
          </AmtDtls>
          <BkTxCd>
            <Prtry>
              <Cd>NDDT+071</Cd>
              <Issr>ZKA</Issr>
            </Prtry>
          </BkTxCd>
          <RltdPties>
            <Dbtr>
              <Nm>Testkonto Nummer 2</Nm>
            </Dbtr>
            <DbtrAcct>
              <Id>
                <IBAN>DE58740618130100033626</IBAN>
              </Id>
            </DbtrAcct>
            <UltmtDbtr>
              <Nm>Testkonto</Nm>
            </UltmtDbtr>
            <Cdtr>
              <Nm>Testkonto Nummer 1</Nm>
            </Cdtr>
            <CdtrAcct>
              <Id>
                <IBAN>DE14740618130000033626</IBAN>
              </Id>
            </CdtrAcct>
            <UltmtCdtr>
              <Nm>keine Information vorhanden</Nm>
            </UltmtCdtr>
          </RltdPties>
          <RmtInf>
            <Ustrd>Lastschrift 1. Zahlung   TAN:747216   </Ustrd>
          </RmtInf>
        </TxDtls>
      </NtryDtls>
    </Ntry>
  </Stmt>
</BkToCstmrStmt>
</Document>
