<?xml version="1.0" encoding="UTF-8"?>
<!--Beispielnachricht_camt.052_BankToCustomerAccountReport_via_SWIFT_nach_Rückbuchung_eines_nicht_eingelösten_B-Schecks_auf_Dotaionskonto-->
<Document xmlns:n0="urn:iso:std:iso:20022:tech:xsd:camt.052.001.08">
	<BkToCstmrAcctRpt>
		<GrpHdr>
			<MsgId>20240306S0097335</MsgId>
			<CreDtTm>2024-03-06T10:11:19.1645930+02:00</CreDtTm>
		</GrpHdr>
		<Rpt>
			<Id>20240306S0097335</Id>
			<RptPgntn>
				<PgNb>00001</PgNb>
				<LastPgInd>true</LastPgInd>
			</RptPgntn>
			<ElctrncSeqNb>13</ElctrncSeqNb>
			<Acct>
				<Id>
					<IBAN>DE00IBANdesDotationskontos</IBAN>
				</Id>
				<Ccy>EUR</Ccy>
			</Acct>
			<Bal>
				<Tp>
					<CdOrPrtry>
						<Cd>OPBD</Cd>
					</CdOrPrtry>
				</Tp>
				<Amt Ccy="EUR">180000.00</Amt>
				<CdtDbtInd>CRDT</CdtDbtInd>
				<Dt>
					<Dt>2024-03-06</Dt>
				</Dt>
			</Bal>
			<Bal>
				<Tp>
					<CdOrPrtry>
						<Cd>CLBD</Cd>
					</CdOrPrtry>
				</Tp>
				<Amt Ccy="EUR">280000.00</Amt>
				<CdtDbtInd>CRDT</CdtDbtInd>
				<Dt>
					<Dt>2024-03-06</Dt>
				</Dt>
			</Bal>
			<Ntry>
				<NtryRef>NONREF</NtryRef>
				<Amt Ccy="EUR">100000.00</Amt>
				<CdtDbtInd>CRDT</CdtDbtInd>
				<Sts>
					<Cd>BOOK</Cd>
				</Sts>
				<BookgDt>
					<Dt>2024-03-06</Dt>
				</BookgDt>
				<ValDt>
					<Dt>2024-03-06</Dt>
				</ValDt>
				<AcctSvcrRef>20240306/03000002</AcctSvcrRef>
				<BkTxCd/>
				<NtryDtls>
					<TxDtls>
						<Refs>
							<AcctSvcrRef>NONREF</AcctSvcrRef>
							<InstrId>NONREF</InstrId>
						</Refs>
						<Amt Ccy="EUR">100000.00</Amt>
						<CdtDbtInd>CRDT</CdtDbtInd>
						<RltdPties>
							<Dbtr>
								<Pty>
									<Nm>Deutsche Bundesbank / 40002 Duesseldorf</Nm>
								</Pty>
							</Dbtr>
							<DbtrAcct>
								<Id>
									<IBAN>DE27300000000030002633</IBAN>
								</Id>
							</DbtrAcct>
						</RltdPties>
						<RltdAgts>
							<DbtrAgt>
								<FinInstnId>
									<ClrSysMmbId>
										<ClrSysId>
											<Cd>DEBLZ</Cd>
										</ClrSysId>
										<MmbId>30000000</MmbId>
									</ClrSysMmbId>
								</FinInstnId>
							</DbtrAgt>
						</RltdAgts>
						<RmtInf>
							<Ustrd>Rueckgabe Best. Scheck vom 21.02.2024 Scheck Nr. 137467</Ustrd>
						</RmtInf>
					</TxDtls>
				</NtryDtls>
			</Ntry>
		</Rpt>
	</BkToCstmrAcctRpt>
</Document>
