<?xml version="1.0" encoding="UTF-8"?>
<Document xmlns="urn:iso:std:iso:20022:tech:xsd:camt.052.001.02" xmlns:xsi="http://www.w3.org/2001/XMLSchema-instance" xsi:schemaLocation="urn:iso:std:iso:20022:tech:xsd:camt.052.001.02 camt.052.001.02.xsd">

<BkToCstmrAcctRpt>
  <GrpHdr>
    <MsgId>052D2014-01-03T06:02:37.0N140000001</MsgId>
    <CreDtTm>2014-01-03T06:02:00.0+01:00</CreDtTm>
    <MsgPgntn>
      <PgNb>1</PgNb>
      <LastPgInd>true</LastPgInd>
    </MsgPgntn>
  </GrpHdr>
  <Rpt>
    <Id>0352C5220140103060237</Id>
    <ElctrncSeqNb>140000001</ElctrncSeqNb>
    <CreDtTm>2014-01-03T06:02:00.0+01:00</CreDtTm>
    <Acct>
      <Id>
        <IBAN>DE14740618130000033626</IBAN>
      </Id>
      <Ccy>EUR</Ccy>
      <Ownr>
        <Nm>Testkonto Nummer 1</Nm>
      </Ownr>
      <Svcr>
        <FinInstnId>
          <BIC>GENODEF1PFK</BIC>
          <Nm>VR-Bank Rottal-Inn eG</Nm>
          <Othr>
            <Id>DE 129267947</Id>
            <Issr>UmsStId</Issr>
          </Othr>
        </FinInstnId>
      </Svcr>
    </Acct>
    <Bal>
      <Tp>
        <CdOrPrtry>
          <Cd>PRCD</Cd>
        </CdOrPrtry>
      </Tp>
      <Amt Ccy="EUR">24.16</Amt>
      <CdtDbtInd>CRDT</CdtDbtInd>
      <Dt>
        <Dt>2014-01-03</Dt>
      </Dt>
    </Bal>
    <Bal>
      <Tp>
        <CdOrPrtry>
          <Cd>CLBD</Cd>
        </CdOrPrtry>
      </Tp>
      <Amt Ccy="EUR">27.61</Amt>
      <CdtDbtInd>CRDT</CdtDbtInd>
      <Dt>
        <Dt>2014-01-03</Dt>
      </Dt>
    </Bal>
    <Ntry>
      <Amt Ccy="EUR">3.45</Amt>
      <CdtDbtInd>CRDT</CdtDbtInd>
      <Sts>BOOK</Sts>
      <BookgDt>
        <Dt>2014-01-03</Dt>
      </BookgDt>
      <ValDt>
        <Dt>2014-01-03</Dt>
      </ValDt>
      <AcctSvcrRef>2014010303263400000</AcctSvcrRef>
      <BkTxCd/>
      <NtryDtls>
        <TxDtls>
          <Refs>
            <MsgId>STZV-Msg27122013-11:05</MsgId>
            <EndToEndId>STZV-EtE27122013-11:05-1</EndToEndId>
            <MndtId>Mandat20131227</MndtId>
          </Refs>
          <BkTxCd>
            <Prtry>
              <Cd>NDDT+071</Cd>
              <Issr>ZKA</Issr>
            </Prtry>
          </BkTxCd>
          <RmtInf>
            <Ustrd>SEPA Sammel-Basislastschrift mit 2 Lastschriften und folgenden zus tzlichen Informationen: TAN:747216 MSG-ID: STZV-Msg27122013-11:05</Ustrd>
          </RmtInf>
        </TxDtls>
      </NtryDtls>
    </Ntry>
  </Rpt>
</BkToCstmrAcctRpt>
</Document>
