<?xml version="1.0" encoding="UTF-8"?>
<!--Beispielnachricht_camt.052_BankToCustomerAccountReport_via_SWIFT_nach_Deckungsanschaffung_vom_DCA_mittels_pacs.009-->
<Document xmlns="urn:iso:std:iso:20022:tech:xsd:camt.052.001.08">
	<BkToCstmrAcctRpt>
		<GrpHdr>
			<MsgId>20240306S0097332</MsgId>
			<CreDtTm>2024-03-06T09:01:32.7456268+01:00</CreDtTm>
		</GrpHdr>
		<Rpt>
			<Id>20240306S0097332</Id>
			<RptPgntn>
				<PgNb>00001</PgNb>
				<LastPgInd>true</LastPgInd>
			</RptPgntn>
			<ElctrncSeqNb>10</ElctrncSeqNb>
			<Acct>
				<Id>
					<IBAN>DE00IBANdesDotationskontos</IBAN>
				</Id>
				<Ccy>EUR</Ccy>
			</Acct>
			<Bal>
				<Tp>
					<CdOrPrtry>
						<Cd>OPBD</Cd>
					</CdOrPrtry>
				</Tp>
				<Amt Ccy="EUR">250000.00</Amt>
				<CdtDbtInd>CRDT</CdtDbtInd>
				<Dt>
					<Dt>2024-03-06</Dt>
				</Dt>
			</Bal>
			<Bal>
				<Tp>
					<CdOrPrtry>
						<Cd>CLBD</Cd>
					</CdOrPrtry>
				</Tp>
				<Amt Ccy="EUR">330000.00</Amt>
				<CdtDbtInd>CRDT</CdtDbtInd>
				<Dt>
					<Dt>2024-03-06</Dt>
				</Dt>
			</Bal>
			<Ntry>
				<NtryRef>pacs009-InstrId-00001</NtryRef>
				<Amt Ccy="EUR">80000.00</Amt>
				<CdtDbtInd>CRDT</CdtDbtInd>
				<Sts>
					<Cd>BOOK</Cd>
				</Sts>
				<BookgDt>
					<Dt>2024-03-06</Dt>
				</BookgDt>
				<ValDt>
					<Dt>2024-03-06</Dt>
				</ValDt>
				<AcctSvcrRef>20240306/19000005</AcctSvcrRef>
				<BkTxCd>
					<Domn>
						<Cd>PMNT</Cd>
						<Fmly>
							<Cd>RCDT</Cd>
							<SubFmlyCd>SDVA</SubFmlyCd>
						</Fmly>
					</Domn>
				</BkTxCd>
				<NtryDtls>
					<TxDtls>
						<Refs>
							<AcctSvcrRef>H202403065000000093</AcctSvcrRef>
							<InstrId>H202403065000000093</InstrId>
						</Refs>
						<Amt Ccy="EUR">80000.00</Amt>
						<CdtDbtInd>CRDT</CdtDbtInd>
						<RmtInf>
							<Ustrd>VWZ pacs009 RTGS nach DOTA</Ustrd>
						</RmtInf>
					</TxDtls>
				</NtryDtls>
			</Ntry>
		</Rpt>
	</BkToCstmrAcctRpt>
</Document>
