<?xml version="1.0" encoding="UTF-8"?>
<Document xmlns="urn:iso:std:iso:20022:tech:xsd:camt.053.001.02" xmlns:xsi="http://www.w3.org/2001/XMLSchema-instance" xsi:schemaLocation="urn:iso:std:iso:20022:tech:xsd:camt.053.001.02 camt.053.001.02.xsd">

<BkToCstmrStmt>
  <GrpHdr>
    <MsgId>053D2013-12-31T01:59:54.0N130000006</MsgId>
    <CreDtTm>2013-12-31T01:59:40.0+01:00</CreDtTm>
    <MsgPgntn>
      <PgNb>1</PgNb>
      <LastPgInd>true</LastPgInd>
    </MsgPgntn>
  </GrpHdr>
  <Stmt>
    <Id>0352C5320131231015954</Id>
    <ElctrncSeqNb>130000006</ElctrncSeqNb>
    <CreDtTm>2013-12-31T01:59:40.0+01:00</CreDtTm>
    <Acct>
      <Id>
        <IBAN>DE14740618130000033626</IBAN>
      </Id>
      <Ccy>EUR</Ccy>
      <Ownr>
        <Nm>Testkonto Nummer 1</Nm>
      </Ownr>
      <Svcr>
        <FinInstnId>
          <BIC>GENODEF1PFK</BIC>
          <Nm>VR-Bank Rottal-Inn eG</Nm>
          <Othr>
            <Id>DE 129267947</Id>
            <Issr>UmsStId</Issr>
          </Othr>
        </FinInstnId>
      </Svcr>
    </Acct>
    <Bal>
      <Tp>
        <CdOrPrtry>
          <Cd>PRCD</Cd>
        </CdOrPrtry>
      </Tp>
      <Amt Ccy="EUR">23.06</Amt>
      <CdtDbtInd>CRDT</CdtDbtInd>
      <Dt>
        <Dt>2013-12-30</Dt>
      </Dt>
    </Bal>
    <Bal>
      <Tp>
        <CdOrPrtry>
          <Cd>CLBD</Cd>
        </CdOrPrtry>
      </Tp>
      <Amt Ccy="EUR">24.16</Amt>
      <CdtDbtInd>CRDT</CdtDbtInd>
      <Dt>
        <Dt>2013-12-30</Dt>
      </Dt>
    </Bal>
    <Ntry>
      <Amt Ccy="EUR">0.60</Amt>
      <CdtDbtInd>CRDT</CdtDbtInd>
      <Sts>BOOK</Sts>
      <BookgDt>
        <Dt>2013-12-30</Dt>
      </BookgDt>
      <ValDt>
        <Dt>2013-12-30</Dt>
      </ValDt>
      <AcctSvcrRef>2013123001153870000</AcctSvcrRef>
      <BkTxCd/>
      <NtryDtls>
        <TxDtls>
          <Refs>
            <EndToEndId>STZV-EtE28122013-11:29-1</EndToEndId>
          </Refs>
          <BkTxCd>
            <Prtry>
              <Cd>NMSC+051</Cd>
              <Issr>ZKA</Issr>
            </Prtry>
          </BkTxCd>
          <RltdPties>
            <Dbtr>
              <Nm>Testkonto Nummer 2</Nm>
            </Dbtr>
            <DbtrAcct>
              <Id>
                <IBAN>DE58740618130100033626</IBAN>
              </Id>
            </DbtrAcct>
            <UltmtDbtr>
              <Nm>keine Information vorhanden</Nm>
            </UltmtDbtr>
            <Cdtr>
              <Nm>Testkonto Nummer 1</Nm>
            </Cdtr>
            <CdtrAcct>
              <Id>
                <IBAN>DE14740618130000033626</IBAN>
              </Id>
            </CdtrAcct>
            <UltmtCdtr>
              <Nm>Testkonto 1</Nm>
            </UltmtCdtr>
          </RltdPties>
          <RltdAgts>
            <DbtrAgt>
              <FinInstnId>
                <BIC>GENODEF1PFK</BIC>
              </FinInstnId>
            </DbtrAgt>
          </RltdAgts>
          <RmtInf>
            <Ustrd>Sammler aus Testknto 2 Zweite Ueberweisung EREF: STZV-EtE28122013-11:29-1 IBAN: DE58740618130100033626 BIC: GENODEF1PFK ABWE: Testkonto 1</Ustrd>
          </RmtInf>
        </TxDtls>
      </NtryDtls>
    </Ntry>
    <Ntry>
      <Amt Ccy="EUR">0.50</Amt>
      <CdtDbtInd>CRDT</CdtDbtInd>
      <Sts>BOOK</Sts>
      <BookgDt>
        <Dt>2013-12-30</Dt>
      </BookgDt>
      <ValDt>
        <Dt>2013-12-30</Dt>
      </ValDt>
      <AcctSvcrRef>2013123001153870001</AcctSvcrRef>
      <BkTxCd/>
      <NtryDtls>
        <TxDtls>
          <Refs>
            <EndToEndId>STZV-EtE28122013-11:29-2</EndToEndId>
          </Refs>
          <BkTxCd>
            <Prtry>
              <Cd>NMSC+051</Cd>
              <Issr>ZKA</Issr>
            </Prtry>
          </BkTxCd>
          <RltdPties>
            <Dbtr>
              <Nm>Testkonto Nummer 2</Nm>
            </Dbtr>
            <DbtrAcct>
              <Id>
                <IBAN>DE58740618130100033626</IBAN>
              </Id>
            </DbtrAcct>
            <UltmtDbtr>
              <Nm>keine Information vorhanden</Nm>
            </UltmtDbtr>
            <Cdtr>
              <Nm>Testkonto Nummer 1</Nm>
            </Cdtr>
            <CdtrAcct>
              <Id>
                <IBAN>DE14740618130000033626</IBAN>
              </Id>
            </CdtrAcct>
            <UltmtCdtr>
              <Nm>Testkonto 1</Nm>
            </UltmtCdtr>
          </RltdPties>
          <RltdAgts>
            <DbtrAgt>
              <FinInstnId>
                <BIC>GENODEF1PFK</BIC>
              </FinInstnId>
            </DbtrAgt>
          </RltdAgts>
          <RmtInf>
            <Ustrd>Sammler aus Testkonto 2 Erste Ueberweisung EREF: STZV-EtE28122013-11:29-2 IBAN: DE58740618130100033626 BIC: GENODEF1PFK ABWE: Testkonto 1</Ustrd>
          </RmtInf>
        </TxDtls>
      </NtryDtls>
    </Ntry>
  </Stmt>
</BkToCstmrStmt>
</Document>
