<?xml version="1.0" encoding="UTF-8"?>
<Document xmlns="urn:iso:std:iso:20022:tech:xsd:camt.052.001.02" xmlns:xsi="http://www.w3.org/2001/XMLSchema-instance" xsi:schemaLocation="urn:iso:std:iso:20022:tech:xsd:camt.052.001.02 camt.052.001.02.xsd">

<BkToCstmrAcctRpt>
  <GrpHdr>
    <MsgId>052D2013-12-27T12:04:19.0N130000007</MsgId>
    <CreDtTm>2013-12-27T12:03:40.0+01:00</CreDtTm>
    <MsgPgntn>
      <PgNb>1</PgNb>
      <LastPgInd>true</LastPgInd>
    </MsgPgntn>
  </GrpHdr>
  <Rpt>
    <Id>0352C5220131227120419</Id>
    <ElctrncSeqNb>130000007</ElctrncSeqNb>
    <CreDtTm>2013-12-27T12:03:40.0+01:00</CreDtTm>
    <Acct>
      <Id>
        <IBAN>DE14740618130000033626</IBAN>
      </Id>
      <Ccy>EUR</Ccy>
      <Ownr>
        <Nm>Testkonto Nummer 1</Nm>
      </Ownr>
      <Svcr>
        <FinInstnId>
          <BIC>GENODEF1PFK</BIC>
          <Nm>VR-Bank Rottal-Inn eG</Nm>
          <Othr>
            <Id>DE 129267947</Id>
            <Issr>UmsStId</Issr>
          </Othr>
        </FinInstnId>
      </Svcr>
    </Acct>
    <Bal>
      <Tp>
        <CdOrPrtry>
          <Cd>PRCD</Cd>
        </CdOrPrtry>
      </Tp>
      <Amt Ccy="EUR">28.06</Amt>
      <CdtDbtInd>CRDT</CdtDbtInd>
      <Dt>
        <Dt>2013-12-27</Dt>
      </Dt>
    </Bal>
    <Bal>
      <Tp>
        <CdOrPrtry>
          <Cd>CLBD</Cd>
        </CdOrPrtry>
      </Tp>
      <Amt Ccy="EUR">23.06</Amt>
      <CdtDbtInd>CRDT</CdtDbtInd>
      <Dt>
        <Dt>2013-12-27</Dt>
      </Dt>
    </Bal>
    <Ntry>
      <Amt Ccy="EUR">1.00</Amt>
      <CdtDbtInd>CRDT</CdtDbtInd>
      <Sts>BOOK</Sts>
      <BookgDt>
        <Dt>2013-12-27</Dt>
      </BookgDt>
      <ValDt>
        <Dt>2013-12-27</Dt>
      </ValDt>
      <AcctSvcrRef>2013122711085260000</AcctSvcrRef>
      <BkTxCd/>
      <NtryDtls>
        <TxDtls>
          <BkTxCd>
            <Prtry>
              <Cd>NMSC+051</Cd>
              <Issr>ZKA</Issr>
            </Prtry>
          </BkTxCd>
          <RltdPties>
            <Dbtr>
              <Nm>Testkonto Nummer 2</Nm>
            </Dbtr>
            <DbtrAcct>
              <Id>
                <Othr>
                  <Id>  740618130100033626</Id>
                  <SchmeNm>
                    <Cd>BBAN</Cd>
                  </SchmeNm>
                </Othr>
              </Id>
            </DbtrAcct>
          </RltdPties>
          <RmtInf>
            <Ustrd>R CKBUCHUNG</Ustrd>
          </RmtInf>
        </TxDtls>
      </NtryDtls>
    </Ntry>
    <Ntry>
      <Amt Ccy="EUR">6.00</Amt>
      <CdtDbtInd>DBIT</CdtDbtInd>
      <Sts>BOOK</Sts>
      <BookgDt>
        <Dt>2013-12-27</Dt>
      </BookgDt>
      <ValDt>
        <Dt>2013-12-27</Dt>
      </ValDt>
      <AcctSvcrRef>2013122711513230000</AcctSvcrRef>
      <BkTxCd/>
      <NtryDtls>
        <TxDtls>
          <Refs>
            <MsgId>STZV-Msg27122013-11:02</MsgId>
            <EndToEndId>STZV-EtE27122013-11:02-1</EndToEndId>
          </Refs>
          <BkTxCd>
            <Prtry>
              <Cd>NMSC+201</Cd>
              <Issr>ZKA</Issr>
            </Prtry>
          </BkTxCd>
          <RmtInf>
            <Ustrd>SEPA Sammel-Ueberweisung mit 2 Ueberweisungen und folgenden zus tzlichen Informationen: TAN:283044 MSG-ID: STZV-Msg27122013-11:02</Ustrd>
          </RmtInf>
        </TxDtls>
      </NtryDtls>
    </Ntry>
  </Rpt>
</BkToCstmrAcctRpt>
</Document>
