<?xml version="1.0" encoding="UTF-8"?>
<Document xmlns="urn:iso:std:iso:20022:tech:xsd:camt.052.001.02" xmlns:xsi="http://www.w3.org/2001/XMLSchema-instance" xsi:schemaLocation="urn:iso:std:iso:20022:tech:xsd:camt.052.001.02 camt.052.001.02.xsd">

<BkToCstmrAcctRpt>
  <GrpHdr>
    <MsgId>052D2013-12-30T06:01:30.0N130000008</MsgId>
    <CreDtTm>2013-12-30T06:01:22.0+01:00</CreDtTm>
    <MsgPgntn>
      <PgNb>1</PgNb>
      <LastPgInd>true</LastPgInd>
    </MsgPgntn>
  </GrpHdr>
  <Rpt>
    <Id>0352C5220131230060130</Id>
    <ElctrncSeqNb>130000008</ElctrncSeqNb>
    <CreDtTm>2013-12-30T06:01:22.0+01:00</CreDtTm>
    <Acct>
      <Id>
        <IBAN>DE14740618130000033626</IBAN>
      </Id>
      <Ccy>EUR</Ccy>
      <Ownr>
        <Nm>Testkonto Nummer 1</Nm>
      </Ownr>
      <Svcr>
        <FinInstnId>
          <BIC>GENODEF1PFK</BIC>
          <Nm>VR-Bank Rottal-Inn eG</Nm>
          <Othr>
            <Id>DE 129267947</Id>
            <Issr>UmsStId</Issr>
          </Othr>
        </FinInstnId>
      </Svcr>
    </Acct>
    <Bal>
      <Tp>
        <CdOrPrtry>
          <Cd>PRCD</Cd>
        </CdOrPrtry>
      </Tp>
      <Amt Ccy="EUR">23.06</Amt>
      <CdtDbtInd>CRDT</CdtDbtInd>
      <Dt>
        <Dt>2013-12-30</Dt>
      </Dt>
    </Bal>
    <Bal>
      <Tp>
        <CdOrPrtry>
          <Cd>CLBD</Cd>
        </CdOrPrtry>
      </Tp>
      <Amt Ccy="EUR">24.16</Amt>
      <CdtDbtInd>CRDT</CdtDbtInd>
      <Dt>
        <Dt>2013-12-30</Dt>
      </Dt>
    </Bal>
    <Ntry>
      <Amt Ccy="EUR">0.60</Amt>
      <CdtDbtInd>CRDT</CdtDbtInd>
      <Sts>BOOK</Sts>
      <BookgDt>
        <Dt>2013-12-30</Dt>
      </BookgDt>
      <ValDt>
        <Dt>2013-12-30</Dt>
      </ValDt>
      <AcctSvcrRef>2013123001153870000</AcctSvcrRef>
      <BkTxCd/>
      <NtryDtls>
        <TxDtls>
          <Refs>
            <EndToEndId>STZV-EtE28122013-11:29-1</EndToEndId>
          </Refs>
          <BkTxCd>
            <Prtry>
              <Cd>NMSC+051</Cd>
              <Issr>ZKA</Issr>
            </Prtry>
          </BkTxCd>
          <RmtInf>
            <Ustrd>Sammler aus Testkonto 2 Zweite Ueberweisung EREF: STZV-EtE28122013-11:29-1 IBAN: DE58740618130100033626 BIC: GENODEF1PFK ABWE: Testkonto 1</Ustrd>
          </RmtInf>
        </TxDtls>
      </NtryDtls>
    </Ntry>
    <Ntry>
      <Amt Ccy="EUR">0.50</Amt>
      <CdtDbtInd>CRDT</CdtDbtInd>
      <Sts>BOOK</Sts>
      <BookgDt>
        <Dt>2013-12-30</Dt>
      </BookgDt>
      <ValDt>
        <Dt>2013-12-30</Dt>
      </ValDt>
      <AcctSvcrRef>2013123001153870001</AcctSvcrRef>
      <BkTxCd/>
      <NtryDtls>
        <TxDtls>
          <Refs>
            <EndToEndId>STZV-EtE28122013-11:29-2</EndToEndId>
          </Refs>
          <BkTxCd>
            <Prtry>
              <Cd>NMSC+051</Cd>
              <Issr>ZKA</Issr>
            </Prtry>
          </BkTxCd>
          <RmtInf>
            <Ustrd>Sammler aus Testkonto 2 Erste Ueberweisung EREF: STZV-EtE28122013-11:29-2 IBAN: DE58740618130100033626 BIC: GENODEF1PFK ABWE: Testkonto 1</Ustrd>
          </RmtInf>
        </TxDtls>
      </NtryDtls>
    </Ntry>
  </Rpt>
</BkToCstmrAcctRpt>
</Document>
