<?xml version="1.0" encoding="UTF-8"?>
<Document xmlns="urn:iso:std:iso:20022:tech:xsd:pain.001.001.08">
  <CstmrCdtTrfInitn>
    <GrpHdr>
      <MsgId>MSG-20231127-001</MsgId>
      <CreDtTm>2023-11-27T14:30:00Z</CreDtTm>
      <NbOfTxs>2</NbOfTxs>
      <CtrlSum>1500.00</CtrlSum>
      <InitgPty>
        <Nm>Acme Corporation</Nm>
        <PstlAdr>
          <Ctry>DE</Ctry>
          <AdrLine>Musterstrasse 123</AdrLine>
          <AdrLine>10115 Berlin</AdrLine>
        </PstlAdr>
      </InitgPty>
    </GrpHdr>
    <PmtInf>
      <PmtInfId>PMT-20231127-001</PmtInfId>
      <PmtMtd>TRF</PmtMtd>
      <BtchBookg>true</BtchBookg>
      <NbOfTxs>2</NbOfTxs>
      <CtrlSum>1500.00</CtrlSum>
      <PmtTpInf>
        <SvcLvl>
          <Cd>SEPA</Cd>
        </SvcLvl>
        <LclInstrm>
          <Cd>CORE</Cd>
        </LclInstrm>
      </PmtTpInf>
      <ReqdExctnDt>2023-11-28</ReqdExctnDt>
      <Dbtr>
        <Nm>Acme Corporation</Nm>
        <PstlAdr>
          <Ctry>DE</Ctry>
          <AdrLine>Musterstrasse 123</AdrLine>
        </PstlAdr>
      </Dbtr>
      <DbtrAcct>
        <Id>
          <IBAN>DE68210501700012345678</IBAN>
        </Id>
        <Ccy>EUR</Ccy>
      </DbtrAcct>
      <DbtrAgt>
        <FinInstnId>
          <BICFI>COBADEFFXXX</BICFI>
          <Nm>Commerzbank AG</Nm>
        </FinInstnId>
      </DbtrAgt>
      <ChrgBr>SLEV</ChrgBr>
      <CdtTrfTxInf>
        <PmtId>
          <InstrId>INSTR-001</InstrId>
          <EndToEndId>E2E-001</EndToEndId>
        </PmtId>
        <Amt>
          <InstdAmt Ccy="EUR">1000.00</InstdAmt>
        </Amt>
        <CdtrAgt>
          <FinInstnId>
            <BICFI>DEUTDEFFXXX</BICFI>
            <Nm>Deutsche Bank AG</Nm>
          </FinInstnId>
        </CdtrAgt>
        <Cdtr>
          <Nm>Supplier Company GmbH</Nm>
          <PstlAdr>
            <Ctry>DE</Ctry>
            <AdrLine>Lieferantenweg 456</AdrLine>
          </PstlAdr>
        </Cdtr>
        <CdtrAcct>
          <Id>
            <IBAN>DE02100100100006820101</IBAN>
          </Id>
        </CdtrAcct>
        <RmtInf>
          <Ustrd>Invoice INV-2023-1001</Ustrd>
        </RmtInf>
      </CdtTrfTxInf>
      <CdtTrfTxInf>
        <PmtId>
          <InstrId>INSTR-002</InstrId>
          <EndToEndId>E2E-002</EndToEndId>
        </PmtId>
        <Amt>
          <InstdAmt Ccy="EUR">500.00</InstdAmt>
        </Amt>
        <CdtrAgt>
          <FinInstnId>
            <BICFI>HYVEDEMM488</BICFI>
            <Nm>HypoVereinsbank</Nm>
          </FinInstnId>
        </CdtrAgt>
        <Cdtr>
          <Nm>Service Provider Ltd</Nm>
          <PstlAdr>
            <Ctry>DE</Ctry>
            <AdrLine>Serviceplatz 789</AdrLine>
          </PstlAdr>
        </Cdtr>
        <CdtrAcct>
          <Id>
            <IBAN>DE89370400440532013000</IBAN>
          </Id>
        </CdtrAcct>
        <RmtInf>
          <Strd>
            <CdtrRefInf>
              <Tp>
                <CdOrPrtry>
                  <Cd>SCOR</Cd>
                </CdOrPrtry>
              </Tp>
              <Ref>RF18539007547034</Ref>
            </CdtrRefInf>
          </Strd>
        </RmtInf>
      </CdtTrfTxInf>
    </PmtInf>
  </CstmrCdtTrfInitn>
</Document>
